<?xml version="1.0" encoding="UTF-8"?>
  <record xmlns="http://www.loc.gov/MARC21/slim" type="Authority">
    <leader>00000nz  a2200000nc 4500</leader>
    <controlfield tag="001">118560425</controlfield>
    <controlfield tag="003">DE-101</controlfield>
    <controlfield tag="005">20210602115004.0</controlfield>
    <controlfield tag="008">880701n||azznnaabn           | aaa    |c</controlfield>
    <datafield tag="024" ind1="7" ind2=" ">
      <subfield code="a">118560425</subfield>
      <subfield code="0">http://d-nb.info/gnd/118560425</subfield>
      <subfield code="2">gnd</subfield>
    </datafield>
    <datafield tag="035" ind1=" " ind2=" ">
      <subfield code="a">(DE-101)118560425</subfield>
    </datafield>
    <datafield tag="035" ind1=" " ind2=" ">
      <subfield code="a">(DE-588)118560425</subfield>
    </datafield>
    <datafield tag="035" ind1=" " ind2=" ">
      <subfield code="z">(DE-588a)118560425</subfield>
      <subfield code="9">v:zg</subfield>
    </datafield>
    <datafield tag="035" ind1=" " ind2=" ">
      <subfield code="z">(DE-588c)4029858-9</subfield>
      <subfield code="9">v:zg</subfield>
    </datafield>
    <datafield tag="040" ind1=" " ind2=" ">
      <subfield code="a">DE-101</subfield>
      <subfield code="c">DE-101</subfield>
      <subfield code="9">r:DE-101</subfield>
      <subfield code="b">ger</subfield>
      <subfield code="d">0012</subfield>
      <subfield code="e">rda</subfield>
    </datafield>
    <datafield tag="042" ind1=" " ind2=" ">
      <subfield code="a">gnd1</subfield>
    </datafield>
    <datafield tag="043" ind1=" " ind2=" ">
      <subfield code="c">XA-PL</subfield>
    </datafield>
    <datafield tag="065" ind1=" " ind2=" ">
      <subfield code="a">16.5p</subfield>
      <subfield code="2">sswd</subfield>
    </datafield>
    <datafield tag="075" ind1=" " ind2=" ">
      <subfield code="b">p</subfield>
      <subfield code="2">gndgen</subfield>
    </datafield>
    <datafield tag="075" ind1=" " ind2=" ">
      <subfield code="b">pik</subfield>
      <subfield code="2">gndspec</subfield>
    </datafield>
    <datafield tag="079" ind1=" " ind2=" ">
      <subfield code="a">g</subfield>
      <subfield code="q">s</subfield>
      <subfield code="q">f</subfield>
      <subfield code="q">e</subfield>
      <subfield code="q">n</subfield>
    </datafield>
    <datafield tag="100" ind1="0" ind2=" ">
      <subfield code="a">Kasimir</subfield>
      <subfield code="b">III.</subfield>
      <subfield code="c">Polen, König</subfield>
      <subfield code="d">1310-1370</subfield>
    </datafield>
    <datafield tag="375" ind1=" " ind2=" ">
      <subfield code="a">1</subfield>
      <subfield code="2">iso5218</subfield>
    </datafield>
    <datafield tag="400" ind1="0" ind2=" ">
      <subfield code="a">Kazimierz</subfield>
      <subfield code="b">III.</subfield>
      <subfield code="c">Polen, König</subfield>
      <subfield code="d">1310-1370</subfield>
    </datafield>
    <datafield tag="400" ind1="0" ind2=" ">
      <subfield code="a">Casimirus</subfield>
      <subfield code="b">III.</subfield>
      <subfield code="c">Magnus</subfield>
      <subfield code="d">1310-1370</subfield>
    </datafield>
    <datafield tag="400" ind1="0" ind2=" ">
      <subfield code="a">Kasimir</subfield>
      <subfield code="b">I.</subfield>
      <subfield code="c">der Große, Polen, König</subfield>
      <subfield code="d">1310-1370</subfield>
    </datafield>
    <datafield tag="400" ind1="0" ind2=" ">
      <subfield code="a">Kazimierz</subfield>
      <subfield code="b">III.</subfield>
      <subfield code="c">Polska, Król</subfield>
      <subfield code="d">1310-1370</subfield>
    </datafield>
    <datafield tag="400" ind1="0" ind2=" ">
      <subfield code="a">Kazimierz</subfield>
      <subfield code="b">III.</subfield>
      <subfield code="c">Wielki</subfield>
      <subfield code="d">1310-1370</subfield>
    </datafield>
    <datafield tag="400" ind1="0" ind2=" ">
      <subfield code="a">Kasimir</subfield>
      <subfield code="c">der Grosse</subfield>
      <subfield code="d">1310-1370</subfield>
    </datafield>
    <datafield tag="400" ind1="0" ind2=" ">
      <subfield code="a">Casimirus</subfield>
      <subfield code="c">Magnus</subfield>
      <subfield code="d">1310-1370</subfield>
    </datafield>
    <datafield tag="400" ind1="0" ind2=" ">
      <subfield code="a">Casimirus</subfield>
      <subfield code="b">III.</subfield>
      <subfield code="c">Polonia, Rex</subfield>
      <subfield code="d">1310-1370</subfield>
    </datafield>
    <datafield tag="400" ind1="0" ind2=" ">
      <subfield code="a">Casimir</subfield>
      <subfield code="b">III.</subfield>
      <subfield code="c">Pologne, Roi</subfield>
      <subfield code="d">1310-1370</subfield>
    </datafield>
    <datafield tag="400" ind1="0" ind2=" ">
      <subfield code="a">Casimir</subfield>
      <subfield code="c">le Grand</subfield>
      <subfield code="d">1310-1370</subfield>
    </datafield>
    <datafield tag="400" ind1="0" ind2=" ">
      <subfield code="a">Kazimierz</subfield>
      <subfield code="c">Wielki</subfield>
      <subfield code="d">1310-1370</subfield>
    </datafield>
    <datafield tag="400" ind1="0" ind2=" ">
      <subfield code="a">Kasimir</subfield>
      <subfield code="b">III.</subfield>
      <subfield code="c">Polen, König</subfield>
      <subfield code="d">1310-1370</subfield>
    </datafield>
    <datafield tag="500" ind1="3" ind2=" ">
      <subfield code="0">(DE-101)118742302</subfield>
      <subfield code="0">(DE-588)118742302</subfield>
      <subfield code="0">https://d-nb.info/gnd/118742302</subfield>
      <subfield code="a">Piastowie</subfield>
      <subfield code="c">Familie</subfield>
      <subfield code="d">ca. ab 10. bis 17. Jh.</subfield>
      <subfield code="4">bezf</subfield>
      <subfield code="4">https://d-nb.info/standards/elementset/gnd#familialRelationship</subfield>
      <subfield code="w">r</subfield>
      <subfield code="i">Beziehung familiaer</subfield>
      <subfield code="e">Beziehung familiaer</subfield>
    </datafield>
    <datafield tag="500" ind1="0" ind2=" ">
      <subfield code="0">(DE-101)119135280</subfield>
      <subfield code="0">(DE-588)119135280</subfield>
      <subfield code="0">https://d-nb.info/gnd/119135280</subfield>
      <subfield code="a">Władysław</subfield>
      <subfield code="b">I.</subfield>
      <subfield code="c">Łokietek, Polen, König</subfield>
      <subfield code="d">1260-1333</subfield>
      <subfield code="4">bezf</subfield>
      <subfield code="4">https://d-nb.info/standards/elementset/gnd#familialRelationship</subfield>
      <subfield code="w">r</subfield>
      <subfield code="i">Beziehung familiaer</subfield>
      <subfield code="e">Beziehung familiaer</subfield>
      <subfield code="9">v:Vater</subfield>
    </datafield>
    <datafield tag="548" ind1=" " ind2=" ">
      <subfield code="a">1310-1370</subfield>
      <subfield code="4">datl</subfield>
      <subfield code="4">https://d-nb.info/standards/elementset/gnd#dateOfBirthAndDeath</subfield>
      <subfield code="w">r</subfield>
      <subfield code="i">Lebensdaten</subfield>
    </datafield>
    <datafield tag="548" ind1=" " ind2=" ">
      <subfield code="a">30.04.1310-05.11.1370</subfield>
      <subfield code="4">datx</subfield>
      <subfield code="4">https://d-nb.info/standards/elementset/gnd#dateOfBirthAndDeath</subfield>
      <subfield code="w">r</subfield>
      <subfield code="i">Exakte Lebensdaten</subfield>
    </datafield>
    <datafield tag="550" ind1=" " ind2=" ">
      <subfield code="0">(DE-101)040315169</subfield>
      <subfield code="0">(DE-588)4031516-2</subfield>
      <subfield code="0">https://d-nb.info/gnd/4031516-2</subfield>
      <subfield code="a">König</subfield>
      <subfield code="4">adel</subfield>
      <subfield code="4">https://d-nb.info/standards/elementset/gnd#titleOfNobility</subfield>
      <subfield code="w">r</subfield>
      <subfield code="i">Adelstitel</subfield>
    </datafield>
    <datafield tag="550" ind1=" " ind2=" ">
      <subfield code="0">(DE-101)040004643</subfield>
      <subfield code="0">(DE-588)4000464-8</subfield>
      <subfield code="0">https://d-nb.info/gnd/4000464-8</subfield>
      <subfield code="a">Adel</subfield>
      <subfield code="4">obin</subfield>
      <subfield code="4">https://d-nb.info/standards/elementset/gnd#broaderTermInstantial</subfield>
      <subfield code="w">r</subfield>
      <subfield code="i">Oberbegriff instantiell</subfield>
    </datafield>
    <datafield tag="551" ind1=" " ind2=" ">
      <subfield code="0">(DE-101)043084346</subfield>
      <subfield code="0">(DE-588)4308434-5</subfield>
      <subfield code="0">https://d-nb.info/gnd/4308434-5</subfield>
      <subfield code="a">Kowal</subfield>
      <subfield code="4">ortg</subfield>
      <subfield code="4">https://d-nb.info/standards/elementset/gnd#placeOfBirth</subfield>
      <subfield code="w">r</subfield>
      <subfield code="i">Geburtsort</subfield>
    </datafield>
    <datafield tag="551" ind1=" " ind2=" ">
      <subfield code="0">(DE-101)040737608</subfield>
      <subfield code="0">(DE-588)4073760-3</subfield>
      <subfield code="0">https://d-nb.info/gnd/4073760-3</subfield>
      <subfield code="a">Krakau</subfield>
      <subfield code="4">orts</subfield>
      <subfield code="4">https://d-nb.info/standards/elementset/gnd#placeOfDeath</subfield>
      <subfield code="w">r</subfield>
      <subfield code="i">Sterbeort</subfield>
    </datafield>
    <datafield tag="667" ind1=" " ind2=" ">
      <subfield code="a">Als Kasimir III. eigentlich Herzog von Polen, König als Kasimir I., aber Ansetzung nach Brockhaus, da dort so genannt</subfield>
    </datafield>
    <datafield tag="670" ind1=" " ind2=" ">
      <subfield code="a">Brockhaus online</subfield>
      <subfield code="b">Stand: 20.05.2021</subfield>
      <subfield code="u">https://brockhaus-1de-10082b6x70353.emedia1.bsb-muenchen.de/ecs/enzy/article/kasimir-kasimir-iii-der-grosse</subfield>
    </datafield>
    <datafield tag="670" ind1=" " ind2=" ">
      <subfield code="a">Wikipedia</subfield>
      <subfield code="b">Stand: 20.05.2021</subfield>
      <subfield code="u">https://de.wikipedia.org/w/index.php?title=Kasimir_III._(Polen)&amp;oldid=208463636</subfield>
    </datafield>
    <datafield tag="672" ind1=" " ind2="0">
      <subfield code="a">Statuty Kazimierza Wielkiego</subfield>
    </datafield>
    <datafield tag="678" ind1=" " ind2=" ">
      <subfield code="b">König von Polen 1333-1370</subfield>
    </datafield>
    <datafield tag="913" ind1=" " ind2=" ">
      <subfield code="S">pnd</subfield>
      <subfield code="i">5</subfield>
      <subfield code="a">Kazimierz &lt;Polska, Król, III.&gt;</subfield>
      <subfield code="0">(DE-588a)118560425</subfield>
    </datafield>
    <datafield tag="913" ind1=" " ind2=" ">
      <subfield code="S">pnd</subfield>
      <subfield code="i">5</subfield>
      <subfield code="a">Kasimir &lt;Polen, König, III.&gt;</subfield>
      <subfield code="0">(DE-588a)118560425</subfield>
    </datafield>
  </record>
